<record><leader>00000cas a22000007a 4500</leader><controlfield tag="001">9423415</controlfield><controlfield tag="008">830418d1907195uiludr ne      0    0bulod</controlfield><datafield ind1=" " ind2=" " tag="010"><subfield code="a">sn 83045328 </subfield></datafield><datafield ind1=" " ind2=" " tag="040"><subfield code="a">CRL</subfield><subfield code="b">eng</subfield><subfield code="c">CRL</subfield><subfield code="d">NPW</subfield><subfield code="d">NPT</subfield><subfield code="d">NYS</subfield><subfield code="d">MGN</subfield><subfield code="d">CRL</subfield><subfield code="d">OCLCQ</subfield><subfield code="d">OCLCF</subfield><subfield code="d">OCLCO</subfield></datafield><datafield ind1="1" ind2=" " tag="029"><subfield code="a">AU@</subfield><subfield code="b">000025812202</subfield></datafield><datafield ind1=" " ind2=" " tag="042"><subfield code="a">msc</subfield></datafield><datafield ind1=" " ind2=" " tag="043"><subfield code="a">n-us-il</subfield></datafield><datafield ind1="0" ind2="0" tag="245"><subfield code="a">Naroden glas =</subfield><subfield code="b">National herald.</subfield></datafield><datafield ind1="3" ind2="1" tag="246"><subfield code="a">National herald</subfield></datafield><datafield ind1=" " ind2=" " tag="260"><subfield code="a">Granite City, Ill. :</subfield><subfield code="b">C. Nedelkoff</subfield></datafield><datafield ind1=" " ind2=" " tag="300"><subfield code="a">v. ;</subfield><subfield code="c">61 cm.</subfield></datafield><datafield ind1=" " ind2=" " tag="310"><subfield code="a">Daily,</subfield><subfield code="b">&lt;1920-&gt;</subfield></datafield><datafield ind1=" " ind2=" " tag="321"><subfield code="a">Semiweekly</subfield></datafield><datafield ind1="1" ind2=" " tag="362"><subfield code="a">Began 1907.</subfield></datafield><datafield ind1=" " ind2=" " tag="530"><subfield code="a">Also issued on microfilm from The Center for Research Libraries.</subfield></datafield><datafield ind1=" " ind2=" " tag="546"><subfield code="a">In Bulgarian.</subfield></datafield><datafield ind1=" " ind2=" " tag="588"><subfield code="a">Description based on: Vol. 1, no. 41 (Feb. 29, 1908).</subfield></datafield><datafield ind1=" " ind2="0" tag="650"><subfield code="a">Bulgarian Americans</subfield><subfield code="z">Illinois</subfield><subfield code="v">Newspapers.</subfield></datafield><datafield ind1=" " ind2="4" tag="651"><subfield code="a">Granite City (Ill.)</subfield><subfield code="v">Newspapers.</subfield></datafield><datafield ind1=" " ind2="7" tag="655"><subfield code="a">Newspapers.</subfield><subfield code="2">fast</subfield><subfield code="0">(OCoLC)fst01423814</subfield></datafield><datafield ind1=" " ind2="7" tag="650"><subfield code="a">Bulgarian Americans.</subfield><subfield code="2">fast</subfield><subfield code="0">(OCoLC)fst00841238</subfield></datafield><datafield ind1=" " ind2="7" tag="651"><subfield code="a">Illinois.</subfield><subfield code="2">fast</subfield><subfield code="0">(OCoLC)fst01205143</subfield></datafield><datafield ind1=" " ind2=" " tag="752"><subfield code="a">United States</subfield><subfield code="b">Illinois</subfield><subfield code="c">Madison</subfield><subfield code="d">Granite City.</subfield></datafield></record>